@article{bruno,
  title={Locked-in Syndrome in Children: Report of Five Cases and Review of the Literature},
  author={Bruno, Marie-Aur{\'e}lie and Schnakers, Caroline and Damas, Fran{\c{c}}ois and Pellas, Fr{\'e}d{\'e}ric and Lutte, Isabelle and Bernheim, Jan and Majerus, Steve and Moonen, Gustave and Goldman, Serge and Laureys, Steven},
  journal={Pediatric Neurology},
  volume={41},
  number={4},
  pages={237--246},
  year={2009},
  publisher={Elsevier}
}

@article{smith,
  title={Locked-in Syndrome},
  author={Smith, Eimear and Delargy, Mark},
  journal={BMJ: British Medical Journal},
  volume={330},
  number={7488},
  pages={406},
  year={2005},
  publisher={BMJ Group}
}

@article{iqbal2018generic,
  title={A generic internet of things architecture for controlling electrical energy consumption in smart homes},
  author={Iqbal, Javed and Khan, Murad and Talha, Muhammad and Farman, Haleem and Jan, Bilal and Muhammad, Arshad and Khattak, Hasan Ali},
  journal={Sustainable cities and society},
  volume={43},
  pages={443--450},
  year={2018},
  publisher={Elsevier}
}

@inproceedings{khattak2014coap,
  title={CoAP-based healthcare sensor networks: A survey},
  author={Khattak, Hasan Ali and Ruta, Michele and Di Sciascio, Eugenio},
  booktitle={Proceedings of 2014 11th International Bhurban Conference on Applied Sciences \& Technology (IBCAST) Islamabad, Pakistan, 14th-18th January, 2014},
  pages={499--503},
  year={2014},
  organization={IEEE}
}

@article{khattak2019toward,
  title={Toward integrating vehicular clouds with IoT for smart city services},
  author={Khattak, Hasan Ali and Farman, Haleem and Jan, Bilal and Din, Ikram Ud},
  journal={IEEE Network},
  volume={33},
  number={2},
  pages={65--71},
  year={2019},
  publisher={IEEE}
}

@article{khattak2019perception,
  title={Perception layer security in Internet of Things},
  author={Khattak, Hasan Ali and Shah, Munam Ali and Khan, Sangeen and Ali, Ihsan and Imran, Muhammad},
  journal={Future Generation Computer Systems},
  volume={100},
  pages={144--164},
  year={2019},
  publisher={North-Holland}
}

@article{tayyaba20205g,
  title={5G vehicular network resource management for improving radio access through machine learning},
  author={Tayyaba, Sahrish Khan and Khattak, Hasan Ali and Almogren, Ahmad and Shah, Munam Ali and Din, Ikram Ud and Alkhalifa, Ibrahim and Guizani, Mohsen},
  journal={IEEE Access},
  volume={8},
  pages={6792--6800},
  year={2020},
  publisher={IEEE}
}